@book{bretthorst1988:_bayesian_spectrum,
  title = {Bayesian Spectrum Analysis and Parameter Estimation},
  author = {G. Larry Bretthorst},
  publisher = {Springer-Verlag},
  address = {New York},
  year = 1988,
  series = {Lecture notes in statistics}
}
